@comment{1748-0221-3-08-S08001,
  author={Lyndon Evans and Philip Bryant},
  title={LHC Machine},
  journal={Journal of Instrumentation},
  volume={3},
  number={08},
  pages={S08001},
  url={http://stacks.iop.org/1748-0221/3/i=08/a=S08001},
  year={2008},
  abstract={The Large Hadron Collider (LHC) at CERN near Geneva is the world's newest and most powerful tool for Particle Physics research. It is designed to collide proton beams with a centre-of-mass energy of 14 TeV and an unprecedented luminosity of 10 34 cm −2 s −1 . It can also collide heavy (Pb) ions with an energy of 2.8 TeV per nucleon and a peak luminosity of 10 27 cm −2 s −1 . In this paper, the machine design is described.}
}
@article{LHCMachine,
      author         = "{Evans, Lyndon and Bryant, Philip}",
      title          = "{LHC Machine}",
      journal        = "JINST",
      volume         = "3",
      year           = "2008",
      pages          = "S08001",
      doi            = "10.1088/1748-0221/3/08/S08001",
      SLACcitation   = "%%CITATION = JINST,3,S08001;%%"
}
@article{Aad:2008zzm,
      author         = "Aad, G. and others",
      title          = "{The ATLAS Experiment at the CERN Large Hadron Collider}",
      collaboration  = "ATLAS",
      journal        = "JINST",
      volume         = "3",
      year           = "2008",
      pages          = "S08003",
      doi            = "10.1088/1748-0221/3/08/S08003",
      SLACcitation   = "%%CITATION = JINST,3,S08003;%%"
}
@article{Aad:2012tfa,
      author         = "Aad, Georges and others",
      title          = "{Observation of a new particle in the search for the
                        Standard Model Higgs boson with the ATLAS detector at the
                        LHC}",
      collaboration  = "ATLAS",
      journal        = "Phys. Lett.",
      volume         = "B716",
      year           = "2012",
      pages          = "1-29",
      doi            = "10.1016/j.physletb.2012.08.020",
      eprint         = "1207.7214",
      archivePrefix  = "arXiv",
      primaryClass   = "hep-ex",
      reportNumber   = "CERN-PH-EP-2012-218",
      SLACcitation   = "%%CITATION = ARXIV:1207.7214;%%"
}
@article{Aaij:2015tga,
      author         = "Aaij, Roel and others",
      title          = "{Observation of $J/\psi p$ Resonances Consistent with
                        Pentaquark States in $\Lambda_b^0 \to J/\psi K^- p$
                        Decays}",
      collaboration  = "LHCb",
      journal        = "Phys. Rev. Lett.",
      volume         = "115",
      year           = "2015",
      pages          = "072001",
      doi            = "10.1103/PhysRevLett.115.072001",
      eprint         = "1507.03414",
      archivePrefix  = "arXiv",
      primaryClass   = "hep-ex",
      reportNumber   = "CERN-PH-EP-2015-153, LHCB-PAPER-2015-029",
      SLACcitation   = "%%CITATION = ARXIV:1507.03414;%%"
}
@article{Aamodt:2008zz,
      author         = "Aamodt, K. and others",
      title          = "{The ALICE experiment at the CERN LHC}",
      collaboration  = "ALICE",
      journal        = "JINST",
      volume         = "3",
      year           = "2008",
      pages          = "S08002",
      doi            = "10.1088/1748-0221/3/08/S08002",
      SLACcitation   = "%%CITATION = JINST,3,S08002;%%"
}
@article{Acharya:2014nyr,
      author         = "Acharya, B. and others",
      title          = "{The Physics Programme Of The MoEDAL Experiment At The
                        LHC}",
      collaboration  = "MoEDAL",
      journal        = "Int. J. Mod. Phys.",
      volume         = "A29",
      year           = "2014",
      pages          = "1430050",
      doi            = "10.1142/S0217751X14300506",
      eprint         = "1405.7662",
      archivePrefix  = "arXiv",
      primaryClass   = "hep-ph",
      reportNumber   = "KCL-PH-TH-2014-02, LCTS-2014-02, CERN-PH-TH-2014-021,
                        IFIC-14-16, IMPERIAL-TP-2014-AR-1",
      SLACcitation   = "%%CITATION = ARXIV:1405.7662;%%"
}
@article{Adriani:2008zz,
      author         = "Adriani, O. and others",
      title          = "{The LHCf detector at the CERN Large Hadron Collider}",
      collaboration  = "LHCf",
      journal        = "JINST",
      volume         = "3",
      year           = "2008",
      pages          = "S08006",
      doi            = "10.1088/1748-0221/3/08/S08006",
      SLACcitation   = "%%CITATION = JINST,3,S08006;%%"
}
@article{Alves:2008zz,
      author         = "Alves, Jr., A. Augusto and others",
      title          = "{The LHCb Detector at the LHC}",
      collaboration  = "LHCb",
      journal        = "JINST",
      volume         = "3",
      year           = "2008",
      pages          = "S08005",
      doi            = "10.1088/1748-0221/3/08/S08005",
      SLACcitation   = "%%CITATION = JINST,3,S08005;%%"
}
@article{Anelli:2008zza,
      author         = "Anelli, G. and others",
      title          = "{The TOTEM experiment at the CERN Large Hadron Collider}",
      collaboration  = "TOTEM",
      journal        = "JINST",
      volume         = "3",
      year           = "2008",
      pages          = "S08007",
      doi            = "10.1088/1748-0221/3/08/S08007",
      SLACcitation   = "%%CITATION = JINST,3,S08007;%%"
}
@article{Chatrchyan:2008aa,
      author         = "Chatrchyan, S. and others",
      title          = "{The CMS Experiment at the CERN LHC}",
      collaboration  = "CMS",
      journal        = "JINST",
      volume         = "3",
      year           = "2008",
      pages          = "S08004",
      doi            = "10.1088/1748-0221/3/08/S08004",
      SLACcitation   = "%%CITATION = JINST,3,S08004;%%"
}
@article{Chatrchyan:2012xdj,
      author         = "Chatrchyan, Serguei and others",
      title          = "{Observation of a new boson at a mass of 125 GeV with the
                        CMS experiment at the LHC}",
      collaboration  = "CMS",
      journal        = "Phys. Lett.",
      volume         = "B716",
      year           = "2012",
      pages          = "30-61",
      doi            = "10.1016/j.physletb.2012.08.021",
      eprint         = "1207.7235",
      archivePrefix  = "arXiv",
      primaryClass   = "hep-ex",
      reportNumber   = "CMS-HIG-12-028, CERN-PH-EP-2012-220",
      SLACcitation   = "%%CITATION = ARXIV:1207.7235;%%"
}
@article{Danielewicz:1984ww,
      author         = "Danielewicz, P. and Gyulassy, M.",
      title          = "{Dissipative Phenomena in Quark Gluon Plasmas}",
      journal        = "Phys. Rev.",
      volume         = "D31",
      year           = "1985",
      pages          = "53-62",
      doi            = "10.1103/PhysRevD.31.53",
      SLACcitation   = "%%CITATION = PHRVA,D31,53;%%"
}
@article{Gross:1973ju,
      author         = "Gross, D. J. and Wilczek, Frank",
      title          = "{Asymptotically Free Gauge Theories - I}",
      journal        = "Phys. Rev.",
      volume         = "D8",
      year           = "1973",
      pages          = "3633-3652",
      doi            = "10.1103/PhysRevD.8.3633",
      reportNumber   = "NAL-PUB-73-49-THY, FERMILAB-PUB-73-049-T",
      SLACcitation   = "%%CITATION = PHRVA,D8,3633;%%"
}
@article{Kovtun:2004de,
      author         = "Kovtun, P. and Son, Dan T. and Starinets, Andrei O.",
      title          = "{Viscosity in strongly interacting quantum field theories
                        from black hole physics}",
      journal        = "Phys. Rev. Lett.",
      volume         = "94",
      year           = "2005",
      pages          = "111601",
      doi            = "10.1103/PhysRevLett.94.111601",
      eprint         = "hep-th/0405231",
      archivePrefix  = "arXiv",
      primaryClass   = "hep-th",
      reportNumber   = "INT-PUB-04-09, UW-PT-04-04",
      SLACcitation   = "%%CITATION = HEP-TH/0405231;%%"
}
@article{Mobs:2636343,
      author        = "Mobs, Esma",
      title         = "{The CERN accelerator complex - August 2018. Complexe des
                       accélérateurs du CERN - Août 2018}",
      month         = "Aug",
      year          = "2018",
      reportNumber  = "OPEN-PHO-ACCEL-2018-005",
      url           = "https://cds.cern.ch/record/2636343",
      note          = "General Photo",
}
@article{Nagle:2018nvi,
      author         = "Nagle, James L. and Zajc, William A.",
      title          = "{Small System Collectivity in Relativistic Hadron and
                        Nuclear Collisions}",
      year           = "2018",
      eprint         = "1801.03477",
      archivePrefix  = "arXiv",
      primaryClass   = "nucl-ex",
      SLACcitation   = "%%CITATION = ARXIV:1801.03477;%%"
}
@article{PhysRev.43.149,
  title = {The Electrostatic Production of High Voltage for Nuclear Investigations},
  author = {Van de Graaff, R. J. and Compton, K. T. and Van Atta, L. C.},
  journal = {Phys. Rev.},
  volume = {43},
  issue = {3},
  pages = {149--157},
  numpages = {0},
  year = {1933},
  month = {Feb},
  publisher = {American Physical Society},
  doi = {10.1103/PhysRev.43.149},
  url = {https://link.aps.org/doi/10.1103/PhysRev.43.149}
}
@article{Romatschke:2016hle,
      author         = "Romatschke, Paul",
      title          = "{Do nuclear collisions create a locally equilibrated
                        quark–gluon plasma?}",
      journal        = "Eur. Phys. J.",
      volume         = "C77",
      year           = "2017",
      number         = "1",
      pages          = "21",
      doi            = "10.1140/epjc/s10052-016-4567-x",
      eprint         = "1609.02820",
      archivePrefix  = "arXiv",
      primaryClass   = "nucl-th",
      SLACcitation   = "%%CITATION = ARXIV:1609.02820;%%"
}
@article{Romatschke:2017vte,
      author         = "Romatschke, Paul",
      title          = "{Relativistic Fluid Dynamics Far From Local Equilibrium}",
      journal        = "Phys. Rev. Lett.",
      volume         = "120",
      year           = "2018",
      number         = "1",
      pages          = "012301",
      doi            = "10.1103/PhysRevLett.120.012301",
      eprint         = "1704.08699",
      archivePrefix  = "arXiv",
      primaryClass   = "hep-th",
      SLACcitation   = "%%CITATION = ARXIV:1704.08699;%%"
}
@article{Rutherford:1911zz,
      author         = "Rutherford, E.",
      title          = "{The scattering of alpha and beta particles by matter and
                        the structure of the atom}",
      journal        = "Phil. Mag. Ser.6",
      volume         = "21",
      year           = "1911",
      pages          = "669-688",
      doi            = "10.1080/14786440508637080",
      SLACcitation   = "%%CITATION = INSPIRE-45404;%%"
}

