@article{Aad:2012tfa,
      author         = "{ATLAS Collaboration}",
      title          = "{Observation of a new particle in the search for the
                        Standard Model Higgs boson with the ATLAS detector at the
                        LHC}",
      collaboration  = "ATLAS",
      journal        = "Phys. Lett.",
      volume         = "B716",
      year           = "2012",
      pages          = "1-29",
      doi            = "10.1016/j.physletb.2012.08.020",
      eprint         = "1207.7214",
      archivePrefix  = "arXiv",
      primaryClass   = "hep-ex",
      reportNumber   = "CERN-PH-EP-2012-218",
      SLACcitation   = "%%CITATION = ARXIV:1207.7214;%%"
}
@article{Aaij:2015tga,
      author         = "Aaij, Roel and others",
      title          = "{Observation of $J/\psi p$ Resonances Consistent with
                        Pentaquark States in $\Lambda_b^0 \to J/\psi K^- p$
                        Decays}",
      collaboration  = "LHCb",
      journal        = "Phys. Rev. Lett.",
      volume         = "115",
      year           = "2015",
      pages          = "072001",
      doi            = "10.1103/PhysRevLett.115.072001",
      eprint         = "1507.03414",
      archivePrefix  = "arXiv",
      primaryClass   = "hep-ex",
      reportNumber   = "CERN-PH-EP-2015-153, LHCB-PAPER-2015-029",
      SLACcitation   = "%%CITATION = ARXIV:1507.03414;%%"
}
@article{Chadwick:1932ma,
      author         = "Chadwick, J.",
      title          = "{Possible Existence of a Neutron}",
      journal        = "Nature",
      volume         = "129",
      year           = "1932",
      pages          = "312",
      doi            = "10.1038/129312a0",
      SLACcitation   = "%%CITATION = NATUA,129,312;%%"
}
@article{Chatrchyan:2012xdj,
      author         = "Chatrchyan, Serguei and others",
      title          = "{Observation of a new boson at a mass of 125 GeV with the
                        CMS experiment at the LHC}",
      collaboration  = "CMS",
      journal        = "Phys. Lett.",
      volume         = "B716",
      year           = "2012",
      pages          = "30-61",
      doi            = "10.1016/j.physletb.2012.08.021",
      eprint         = "1207.7235",
      archivePrefix  = "arXiv",
      primaryClass   = "hep-ex",
      reportNumber   = "CMS-HIG-12-028, CERN-PH-EP-2012-220",
      SLACcitation   = "%%CITATION = ARXIV:1207.7235;%%"
}
@article{Lattes:1947mw,
      author         = "Lattes, C. M. G. and Muirhead, H. and Occhialini, G. P.
                        S. and Powell, C. F.",
      title          = "{Processes Involving Charged Mesons}",
      booktitle      = "{International Conference to Celebrate the 40th
                        Anniversary of the Pion (40 PI) Bristol, England, July
                        22-24, 1987}",
      journal        = "Nature",
      volume         = "159",
      year           = "1947",
      pages          = "694-697",
      doi            = "10.1038/159694a0",
      nonote           = "[,42(1947)]",
      SLACcitation   = "%%CITATION = NATUA,159,694;%%"
}
@article{PhysRev.43.149,
  title = {The Electrostatic Production of High Voltage for Nuclear Investigations},
  author = {Van de Graaff, R. J. and Compton, K. T. and Van Atta, L. C.},
  journal = {Phys. Rev.},
  volume = {43},
  issue = {3},
  pages = {149--157},
  numpages = {0},
  year = {1933},
  month = {2},
  publisher = {American Physical Society},
  doi = {10.1103/PhysRev.43.149},
  url = {https://link.aps.org/doi/10.1103/PhysRev.43.149}
}
@article{Rutherford:1911zz,
      author         = "Rutherford, E.",
      title          = "{The scattering of alpha and beta particles by matter and
                        the structure of the atom}",
      journal        = "Phil. Mag. Ser.6",
      volume         = "21",
      year           = "1911",
      pages          = "669-688",
      doi            = "10.1080/14786440508637080",
      SLACcitation   = "%%CITATION = INSPIRE-45404;%%"
}
