@unpublished{Pequenao:1095924,
      author        = "Joao Pequenao",
      title         = "{Computer generated image of the whole ATLAS detector}",
      month         = "Mar",
      year          = "2008",
      reportNumber  = "CERN-GE-0803012",
      url           = "https://cds.cern.ch/record/1095924",
}
@unpublished{Pequenao:1095925,
      author        = "Joao Pequenao",
      title         = "{Computer generated images of the Pixel, part of the ATLAS
                       inner detector.}",
      month         = "Mar",
      year          = "2008",
      reportNumber  = "CERN-GE-0803013",
      url           = "https://cds.cern.ch/record/1095925",
}
@unpublished{Pequenao:1095926,
      author        = "Joao Pequenao",
      title         = "{Computer generated image of the ATLAS inner detector}",
      month         = "Mar",
      year          = "2008",
      reportNumber  = "CERN-GE-0803014",
      url           = "https://cds.cern.ch/record/1095926",
}
@unpublished{Pequenao:1095927,
      author        = "Joao Pequenao",
      title         = "{Computer Generated image of the ATLAS calorimeter}",
      month         = "Mar",
      year          = "2008",
      reportNumber  = "CERN-GE-0803015",
      url           = "https://cds.cern.ch/record/1095927",
}
@unpublished{Valeriane:843195,
      author        = "Valeriane Duvivier",
      title         = "{Cross section of LHC dipole.. Dipole LHC: Coupe
                       transversale.}",
      year          = "2001",
      reportNumber  = "LHC-PHO-2001-187",
      url           = "http://cds.cern.ch/record/843195",
      note          = "AC Collection. Legacy of AC. Pictures from 1992 to 2002.",
}
