@article{LHCMachine,
      author         = "{Evans, Lyndon and Bryant, Philip}",
      title          = "{LHC Machine}",
      journal        = "JINST",
      volume         = "3",
      year           = "2008",
      pages          = "S08001",
      doi            = "10.1088/1748-0221/3/08/S08001",
      SLACcitation   = "%%CITATION = JINST,3,S08001;%%"
}
@article{Aad:2008zzm,
      author         = "{ATLAS Collaboration}",
      title          = "{The ATLAS Experiment at the CERN Large Hadron Collider}",
      collaboration  = "ATLAS",
      journal        = "JINST",
      volume         = "3",
      year           = "2008",
      pages          = "S08003",
      doi            = "10.1088/1748-0221/3/08/S08003",
      SLACcitation   = "%%CITATION = JINST,3,S08003;%%"
}
@article{Aad:2010bx,
      author         = "{ATLAS Collaboration}",
      title          = "{The ATLAS Inner Detector commissioning and calibration}",
      collaboration  = "ATLAS",
      journal        = "Eur. Phys. J.",
      volume         = "C70",
      year           = "2010",
      pages          = "787-821",
      doi            = "10.1140/epjc/s10052-010-1366-7",
      eprint         = "1004.5293",
      archivePrefix  = "arXiv",
      primaryClass   = "physics.ins-det",
      SLACcitation   = "%%CITATION = ARXIV:1004.5293;%%"
}
@article{Aamodt:2008zz,
      author         = "Aamodt, K. and others",
      title          = "{The ALICE experiment at the CERN LHC}",
      collaboration  = "ALICE",
      journal        = "JINST",
      volume         = "3",
      year           = "2008",
      pages          = "S08002",
      doi            = "10.1088/1748-0221/3/08/S08002",
      SLACcitation   = "%%CITATION = JINST,3,S08002;%%"
}
@article{Acharya:2014nyr,
      author         = "Acharya, B. and others",
      title          = "{The Physics Programme Of The MoEDAL Experiment At The
                        LHC}",
      collaboration  = "MoEDAL",
      journal        = "Int. J. Mod. Phys.",
      volume         = "A29",
      year           = "2014",
      pages          = "1430050",
      doi            = "10.1142/S0217751X14300506",
      eprint         = "1405.7662",
      archivePrefix  = "arXiv",
      primaryClass   = "hep-ph",
      reportNumber   = "KCL-PH-TH-2014-02, LCTS-2014-02, CERN-PH-TH-2014-021,
                        IFIC-14-16, IMPERIAL-TP-2014-AR-1",
      SLACcitation   = "%%CITATION = ARXIV:1405.7662;%%"
}
@article{Adriani:2008zz,
      author         = "Adriani, O. and others",
      title          = "{The LHCf detector at the CERN Large Hadron Collider}",
      collaboration  = "LHCf",
      journal        = "JINST",
      volume         = "3",
      year           = "2008",
      pages          = "S08006",
      doi            = "10.1088/1748-0221/3/08/S08006",
      SLACcitation   = "%%CITATION = JINST,3,S08006;%%"
}
@article{Alves:2008zz,
      author         = "Alves, Jr., A. Augusto and others",
      title          = "{The LHCb Detector at the LHC}",
      collaboration  = "LHCb",
      journal        = "JINST",
      volume         = "3",
      year           = "2008",
      pages          = "S08005",
      doi            = "10.1088/1748-0221/3/08/S08005",
      SLACcitation   = "%%CITATION = JINST,3,S08005;%%"
}
@article{Anelli:2008zza,
      author         = "Anelli, G. and others",
      title          = "{The TOTEM experiment at the CERN Large Hadron Collider}",
      collaboration  = "TOTEM",
      journal        = "JINST",
      volume         = "3",
      year           = "2008",
      pages          = "S08007",
      doi            = "10.1088/1748-0221/3/08/S08007",
      SLACcitation   = "%%CITATION = JINST,3,S08007;%%"
}
@article{ATLAS:1997ad,
      author         = "{ATLAS Collaboration}",
      title          = "{ATLAS muon spectrometer: Technical design report}",
      collaboration  = "ATLAS",
      year           = "1997",
      reportNumber   = "CERN-LHCC-97-22, ATLAS-TDR-10",
      url            = "http://cds.cern.ch/record/331068",
      SLACcitation   = "%%CITATION = CERN-LHCC-97-22;%%"
}
@article{ATLAS:1997ag,
      author         = "{ATLAS Collaboration}",
      title          = "{ATLAS inner detector: Technical design report. Vol. 1}",
      collaboration  = "ATLAS",
      year           = "1997",
      reportNumber   = "CERN-LHCC-97-16, ATLAS-TDR-4",
      url            = "http://cds.cern.ch/record/331063",
      SLACcitation   = "%%CITATION = CERN-LHCC-97-16;%%"
}
@article{ATLAS:1997af,
      author         = "{ATLAS Collaboration}",
      title          = "{ATLAS inner detector: Technical design report. Vol. 2}",
      collaboration  = "ATLAS",
      year           = "1997",
      reportNumber   = "CERN-LHCC-97-17",
      url            = "http://cds.cern.ch/record/331064",
      SLACcitation   = "%%CITATION = CERN-LHCC-97-17;%%"
}
@article{Bruning:2004ej,
      author         = "Bruning, Oliver S. and Collier, P. and Lebrun, P. and
                        Myers, S. and Ostojic, R. and Poole, J. and Proudlock, P.",
      title          = "{LHC Design Report Vol.1: The LHC Main Ring}",
      year           = "2004",
      reportNumber   = "CERN-2004-003-V1, CERN-2004-003, CERN-2004-003-V-1",
      SLACcitation   = "%%CITATION = CERN-2004-003-V1;%%"
}
@article{Benedikt:2004wm,
      author         = "Benedikt, M. and Collier, P. and Mertens, V. and Poole,
                       J. and Schindl, K.",
      title          = "{LHC Design Report Vol.3: The LHC injector chain}",
      year           = "2004",
      reportNumber   = "CERN-2004-003-V-3, CERN-2004-003",
      SLACcitation   = "%%CITATION = CERN-2004-003-V-3;%%"
}
@article{Chatrchyan:2008aa,
      author         = "{CMS Collaboration}",
      title          = "{The CMS Experiment at the CERN LHC}",
      collaboration  = "CMS",
      journal        = "JINST",
      volume         = "3",
      year           = "2008",
      pages          = "S08004",
      doi            = "10.1088/1748-0221/3/08/S08004",
      SLACcitation   = "%%CITATION = JINST,3,S08004;%%"
}
