@article{Callan:1969uq,
      author         = "Callan, Jr., Curtis G. and Gross, David J.",
      title          = "{High-energy electroproduction and the constitution of
                        the electric current}",
      journal        = "Phys. Rev. Lett.",
      volume         = "22",
      year           = "1969",
      pages          = "156-159",
      doi            = "10.1103/PhysRevLett.22.156",
      SLACcitation   = "%%CITATION = PRLTA,22,156;%%"
}
@article{Danielewicz:1984ww,
      author         = "Danielewicz, P. and Gyulassy, M.",
      title          = "{Dissipative Phenomena in Quark Gluon Plasmas}",
      journal        = "Phys. Rev.",
      volume         = "D31",
      year           = "1985",
      pages          = "53-62",
      doi            = "10.1103/PhysRevD.31.53",
      SLACcitation   = "%%CITATION = PHRVA,D31,53;%%"
}
@article{Fabjan:2003aq,
      author         = "Fabjan, C. W. and Gianotti, F.",
      title          = "{Calorimetry for particle physics}",
      journal        = "Rev. Mod. Phys.",
      volume         = "75",
      year           = "2003",
      pages          = "1243-1286",
      doi            = "10.1103/RevModPhys.75.1243",
      reportNumber   = "CERN-EP-2003-075",
      SLACcitation   = "%%CITATION = RMPHA,75,1243;%%"
}
@article{GellMann:1962xb,
      author         = "Gell-Mann, Murray",
      title          = "{Symmetries of baryons and mesons}",
      journal        = "Phys. Rev.",
      volume         = "125",
      year           = "1962",
      pages          = "1067-1084",
      doi            = "10.1103/PhysRev.125.1067",
      SLACcitation   = "%%CITATION = PHRVA,125,1067;%%"
}
@article{Gross:1973ju,
      author         = "Gross, D. J. and Wilczek, Frank",
      title          = "{Asymptotically Free Gauge Theories - I}",
      journal        = "Phys. Rev.",
      volume         = "D8",
      year           = "1973",
      pages          = "3633-3652",
      doi            = "10.1103/PhysRevD.8.3633",
      reportNumber   = "NAL-PUB-73-49-THY, FERMILAB-PUB-73-049-T",
      SLACcitation   = "%%CITATION = PHRVA,D8,3633;%%"
}
@article{Kovtun:2004de,
      author         = "Kovtun, P. and Son, Dan T. and Starinets, Andrei O.",
      title          = "{Viscosity in strongly interacting quantum field theories
                        from black hole physics}",
      journal        = "Phys. Rev. Lett.",
      volume         = "94",
      year           = "2005",
      pages          = "111601",
      doi            = "10.1103/PhysRevLett.94.111601",
      eprint         = "hep-th/0405231",
      archivePrefix  = "arXiv",
      primaryClass   = "hep-th",
      reportNumber   = "INT-PUB-04-09, UW-PT-04-04",
      SLACcitation   = "%%CITATION = HEP-TH/0405231;%%"
}
@article{Nagle:2018nvi,
      author         = "Nagle, James L. and Zajc, William A.",
      title          = "{Small System Collectivity in Relativistic Hadron and
                        Nuclear Collisions}",
      year           = "2018",
      eprint         = "1801.03477",
      archivePrefix  = "arXiv",
      primaryClass   = "nucl-ex",
      SLACcitation   = "%%CITATION = ARXIV:1801.03477;%%"
}
@article{Romatschke:2016hle,
      author         = "Romatschke, Paul",
      title          = "{Do nuclear collisions create a locally equilibrated
                        quarkâ€“gluon plasma?}",
      journal        = "Eur. Phys. J.",
      volume         = "C77",
      year           = "2017",
      number         = "1",
      pages          = "21",
      doi            = "10.1140/epjc/s10052-016-4567-x",
      eprint         = "1609.02820",
      archivePrefix  = "arXiv",
      primaryClass   = "nucl-th",
      SLACcitation   = "%%CITATION = ARXIV:1609.02820;%%"
}
@article{Romatschke:2017vte,
      author         = "Romatschke, Paul",
      title          = "{Relativistic Fluid Dynamics Far From Local Equilibrium}",
      journal        = "Phys. Rev. Lett.",
      volume         = "120",
      year           = "2018",
      number         = "1",
      pages          = "012301",
      doi            = "10.1103/PhysRevLett.120.012301",
      eprint         = "1704.08699",
      archivePrefix  = "arXiv",
      primaryClass   = "hep-th",
      SLACcitation   = "%%CITATION = ARXIV:1704.08699;%%"
}
@article{Tanabashi:2018oca,
      author         = "Tanabashi, M. and others",
      title          = "{Review of Particle Physics}",
      collaboration  = "Particle Data Group",
      journal        = "Phys. Rev.",
      volume         = "D98",
      year           = "2018",
      number         = "3",
      pages          = "030001",
      doi            = "10.1103/PhysRevD.98.030001",
      SLACcitation   = "%%CITATION = PHRVA,D98,030001;%%"
}
@article{Wilczek:2000ih,
      author         = "Wilczek, Frank",
      title          = "{QCD made simple}",
      journal        = "Phys. Today",
      volume         = "53N8",
      year           = "2000",
      pages          = "22-28",
      doi            = "10.1063/1.1310117",
      SLACcitation   = "%%CITATION = PHTOA,53N8,22;%%"
}
@article{Yukawa:1935xg,
      author         = "Yukawa, Hideki",
      title          = "{On the Interaction of Elementary Particles I}",
      journal        = "Proc. Phys. Math. Soc. Jap.",
      volume         = "17",
      year           = "1935",
      pages          = "48-57",
      doi            = "10.1143/PTPS.1.1",
      nonote           = "[Prog. Theor. Phys. Suppl.1,1(1935)]",
      reportNumber   = "PRINT-92-0144",
      SLACcitation   = "%%CITATION = PPMJA,17,48;%%"
}
@article{dis_fig_proceedings,
author = {Hentschinski, Martin},
year = {2017},
month = {10},
pages = {012008},
title = {Forward Physics and the glue at small x},
volume = {912},
journal = {Journal of Physics: Conference Series},
doi = {10.1088/1742-6596/912/1/012008}
}

